2462 3934
459 391 537 443 44

681 497 856 534 TAV.
938 497 1051 535 CX.

447 583 564 622 Urna
601 579 817 632 sepolcrale
845 577 890 616 di
924 588 1035 617 creta
1072 579 1239 628 rofflcct'a
1273 595 1340 621 con

385 656 460 698 due
485 651 695 701 manichi,
716 650 824 690 nella
856 650 972 699 quale
995 650 1131 701 furano
1158 655 1227 704 gie}
1260 657 1339 693 rin-

386 723 519 777 chiuse
546 722 585 762 le
615 726 747 762 ceneri
776 717 883 759 d’un
906 720 1079 772 dt’fonto.
1124 728 1184 762 Fu
1215 728 1340 762 rinve-

388 807 490 839 nuta
520 792 630 834 nella
654 793 760 832 villa
783 789 829 830 di
849 793 1044 845 Bagnuolo
1070 801 1265 837 territerio
1294 798 1339 838 di

386 869 566 906 ferrara
589 894 595 903 .
636 859 732 913 Effa
755 860 774 900 ὲ
800 862 891 901 alta
917 867 1024 902 oncie
1052 873 1259 915 trentuna,
1284 866 1344 907 do-

388 933 475 975 dici
506 931 622 982 larga
641 960 652 979 ‚
669 927 719 968 ed
746 928 799 968 ha
823 929 932 981 quasi
952 938 1225 981 quattr’oncie
1255 933 1343 975 d'a-

387 1013 551 1060 pertura
584 998 631 1039 di
656 998 795 1039 bocca.

651 1083 823 1124 TAV.
905 1085 1068 1125 CXI.

444 1172 570 1211 Altra
602 1175 717 1211 Urna
741 1166 960 1222 sepolcrale
991 1166 1037 1206 di
1072 1178 1182 1210 terra
1213 1170 1259 1211 di
1292 1187 1347 1214 co.

389 1249 444 1289 lor
473 1242 582 1296 quafi
611 1255 724 1289 nero,
756 1237 801 1277 di
828 1237 960 1289 figura
996 1240 1263 1291 particolare,
1297 1244 1348 1284 ed

389 1324 433 1359 in
465 1326 567 1357 tutto
597 1310 775 1360 diffimile
803 1307 913 1347 dall’
934 1308 1166 1350 antedetta.
1198 1315 1345 1370 *Questa

384 1391 436 1444 fu
459 1387 640 1441 [cavata
673 1387 715 1422 in
752 1377 937 1427 Raldon,
967 1378 1017 1418 ed
1054 1379 1074 1418 ἰ»
1110 1383 1203 1423 alta
1240 1392 1348 1427 oncie

389 1464 618 1502 ventinove,
638 1454 756 1504 larga
787 1448 1054 1501 quattordici.
1087 1455 1150 1490 La
1169 1453 1245 1504 sua
1269 1456 1351 1497 boc.

390 1539 440 1566 ca
470 1529 531 1578 poi
550 1524 569 1564 ὲ
590 1522 699 1575 fuori
728 1518 834 1557 dell'
851 1515 1052 1556 ordinario
1067 1518 1350 1573 sparsa,men-

390 1602 450 1632 tre
474 1592 516 1632 la
535 1592 613 1645 sua
638 1595 828 1640 apertura
859 1585 1028 1638 ascende
1053 1586 1112 1626 ad
1141 1594 1250 1629 oncie
1272 1589 1352 1643 set.

393 1673 434 1706 te
464 1678 484 1706 e
513 1663 606 1716 piic.

628 1735 665 1771 T
696 1735 735 1772 A
763 1732 808 1770 V.
894 1732 927 1768 C
957 1732 997 1768 X
1024 1737 1050 1773 I
1073 1738 1106 1775 I.

456 1819 558 1874 Vaso
578 1850 589 1868 ,
613 1832 630 1856 ο
647 1816 708 1870 fia
737 1813 853 1854 Urna
878 1813 1098 1866 sepolcrale
1128 1814 1346 1869 d'argilla

392 1894 438 1936 di
463 1896 634 1936 nericcio
664 1890 783 1930 colore
800 1917 812 1936 ‚
834 1883 1112 1938 diffotterrata
1134 1903 1160 1927 a
1177 1889 1346 1932 Raldon.

394 1966 441 2006 In
459 1963 640 2018 queftafi
666 1966 890 2001 rinvennero
934 1958 1038 1998 delle
1077 1957 1153 2010 offa
1186 1974 1252 2000 con
1290 1975 1350 2002 ce-

397 2042 483 2079 neri
509 2048 527 2075 e
556 2033 715 2074 carboni
744 2028 975 2081 mischiate.
1018 2029 1066 2067 L'
1088 2030 1259 2080 altezza
1287 2031 1356 2073 del

398 2102 593 2157 medefimo
623 2097 715 2151 vaso
743 2098 850 2134 unito
881 2095 926 2133 al
940 2094 1008 2146 suo
1035 2096 1229 2145 coperchio
1253 2096 1274 2136 ἑ
1293 2113 1353 2138 οη-

400 2180 462 2219 cie
493 2166 632 2210 undici
664 2178 682 2204 e
711 2174 882 2210 Μαῖα]
910 2161 1106 2215 disgiunto
1132 2163 1241 2204 dallo
1264 2166 1357 2221 stes-

394 2241 436 2295 so
463 2244 571 2280 oncie
600 2247 676 2278 otto
705 2249 724 2276 e
761 2247 928 2283 mezza.
973 2238 1036 2273 La
1067 2239 1237 2286 maggior
1272 2234 1350 2286 sua

403 2307 625 2363 larghezza
653 2308 762 2346 oncie
784 2316 929 2353 nove‚e
952 2303 994 2342 la
1019 2303 1136 2344 bocca
1166 2307 1268 2343 oncic
1294 2303 1355 2355 sci

404 2394 423 2421 e
454 2392 621 2429 mezza.

629 2462 810 2504 TAV.
882 2458 1151 2499 CXIII.

461 2553 646 2592 Lucerna
674 2547 718 2588 di
740 2550 930 2596 terra‚in
960 2548 1028 2584 cui
1056 2537 1283 2592 impreffafi
1302 2555 1366 2581 ve-

405 2622 456 2665 de
487 2625 530 2664 la
572 2623 669 2674 testa
712 2634 731 2661 e
766 2634 898 2670 mezzo
940 2619 1039 2670 busto
1078 2616 1125 2656 di
1162 2619 1283 2658 Giove
1315 2619 1376 2659 col

401 2695 576 2749 fulmine
606 2694 698 2733 alla
727 2691 882 2746 finistra
917 2697 1063 2739 parte.
1123 2688 1281 2728 Avanti
1315 2687 1375 2728 ad

406 2765 487 2820 esso
508 2768 572 2820 fla
601 2767 792 2819 l’Aquila
826 2762 916 2804 coll’
940 2761 1003 2799 ali
1026 2761 1188 2813 sparse,
1221 2766 1374 2811 poggia.

408 2848 458 2881 ta
478 2842 595 2895 sopra
625 2837 871 2878 d'un’altro
889 2833 1083 2886 fulmine.
1112 2829 1215 2870 Alla
1245 2830 1373 2881 deflra

409 2912 456 2954 di
488 2913 565 2967 esso
594 2917 716 2953 Gaove
747 2912 840 2952 evvi
872 2921 920 2946 un
946 2905 1091 2957 piccio!
1108 2904 1290 2954 serame,
1308 2917 1375 2956 per

411 2981 448 3021 il
477 2981 595 3031 quale
627 2979 730 3032 visi
763 2975 995 3019 introducea
1027 2972 1202 3024 l'oglio,
1225 2985 1245 3012 e
1270 2974 1371 3022 nell'

413 3050 579 3104 inferior
607 3059 721 3103 parte
753 3050 862 3089 desla
892 3047 1094 3102 medefima
1127 3057 1278 3086 avvene
1309 3051 1373 3082 κη’

418 3127 523 3168 altro
551 3128 770 3178 maggiore‚
801 3121 935 3166 dentro
972 3120 1007 3161 il
1039 3118 1158 3171 quale
1186 3117 1306 3170 stava
1339 3115 1374 3154 il

1237 3188 1336 3227 luci·

840 371 1186 428 EXPLICA
1204 373 1334 427 TIO
1393 372 1941 438 TABULARUM.

1701 494 1888 537 TAB.
1974 494 2094 537 CX.

1483 579 1600 619 Urna
1636 579 1865 634 sepulcralis
1896 582 2031 623 fictilis
2075 582 2189 623 rubei
2224 583 2372 626 coloris

1413 644 1563 700 duplici
1588 645 1704 696 ansa,
1721 648 1759 687 in
1782 662 1860 702 qua
1890 651 2043 690 cineres
2072 649 2256 691 defuncti
2282 666 2373 692 con-

1413 715 1521 756 ditae
1559 716 1690 759 fuere.
1737 719 1904 759 Iuventa
1934 718 2014 759 fuit
2050 720 2225 774 Bagnoli
2259 722 2299 761 in
2332 733 2373 761 a·

1415 799 1487 838 gro
1509 786 1749 827 Ferrariensi
1769 819 1778 827 .
1809 788 1877 828 Est
1901 789 2127 830 altitudinis
2155 791 2373 831 unciarum

1417 855 1530 895 unius
1566 855 1609 896 ὅ(
1645 857 1845 909 triginta,
1885 855 2050 904 majoris
2082 858 2306 899 latitudinis
2339 859 2378 899 in

1417 938 1558 967 ventre
1584 928 1795 968 unciarum
1823 928 2060 980 duodecim,
2080 929 2119 970 in
2141 943 2212 970 ore
2242 932 2376 970 uncia-

1418 1012 1511 1038 rum
1550 997 1681 1040 ferme
1710 1009 1913 1053 quatuor.

1677 1088 1864 1130 TAB.
1946 1087 2115 1130 CXI.

1495 1176 1591 1217 Alia
1631 1175 1748 1216 Urna
1789 1171 2015 1226 sepulcralis
2047 1172 2180 1214 fictilis
2231 1174 2381 1215 coloris

1417 1246 1547 1299 nigri,
1583 1244 1797 1285 inusitatae
1836 1242 2022 1293 formae,
2052 1243 2093 1283 &
2131 1257 2150 1282 a
2182 1243 2379 1297 superiori

1418 1316 1586 1356 omnino
1621 1314 1817 1354 dissimilis
1835 1345 1845 1362 ‚
1873 1324 2076 1352 excavata
2103 1310 2384 1363 Raldoni‚a1-

1421 1396 1462 1425 ta
1495 1392 1633 1428 uncias
1664 1398 1813 1426 novem
1841 1383 1885 1424 &
1915 1384 2092 1437 viginti,
2116 1383 2202 1423 lata
2224 1386 2263 1423 in
2290 1394 2385 1424 ven·

1422 1469 1485 1497 tre
1522 1458 1660 1497 uncias
1689 1455 2027 1511 quatuordecim,
2056 1455 2099 1495 ὅ(
2130 1453 2170 1495 in
2208 1466 2282 1496 ore
2312 1467 2382 1494 un·

1424 1524 1506 1564 cias
1536 1523 1692 1579 septem
1727 1526 1907 1567 circiter.

1663 1731 1851 1773 TAB.
1939 1728 2162 1771 CXII.

1491 1811 1596 1861 Vas,
1629 1811 1709 1852 five
1749 1812 1861 1852 Urna
1897 1810 2127 1863 sepulcralis
2160 1812 2315 1865 pariter
2346 1813 2391 1854 fi-

1420 1879 1706 1933 diilis‚coloris
1738 1881 1869 1921 ferme
1903 1880 2220 1934 nigri,RaIdoni
2245 1895 2391 1937 eruta,

1422 1952 1460 1988 in
1492 1965 1570 2004 qua
1610 1951 1690 1991 ossa
1723 1951 1767 1991 ὅ(
1798 1951 1947 1991 cineres
1987 1952 2205 1991 immixtae
2244 1953 2386 1994 carbo-

1990 2023 2179 2063 Altitudo
2208 2024 2388 2072 ejusdem

1427 2095 1527 2136 vafis
1562 2110 1656 2136 cum
1687 2097 1881 2149 operculo
1916 2092 1972 2133 est
2012 2094 2222 2133 unciarum
2273 2095 2395 2135 unde-

1426 2025 1539 2065 nibus
1574 2036 1760 2079 repertae
1798 2023 1909 2064 fuere
1921 2057 1929 2065 .

1428 2167 1508 2206 cim
1544 2181 1639 2208 cum
1678 2166 1876 2214 dimidi0;
1919 2164 1995 2204 fine
2024 2165 2219 2218 operculo
2251 2167 2389 2206 uncia·

1426 2255 1517 2281 rum
1548 2241 1642 2280 ocio
1669 2252 1764 2279 cum
1794 2236 1994 2284 dimidio,
2021 2233 2152 2280 m2zjor
2192 2233 2299 2271 ill1us
2328 2231 2385 2271 la·

1428 2311 1564 2349 titudo
1586 2313 1623 2350 in
1643 2321 1785 2350 ventre
1815 2307 1869 2346 est
1905 2307 2110 2346 unciarum
2137 2317 2310 2355 novem,
2329 2315 2391 2344 at·

1433 2396 1510 2438 que
1540 2385 1578 2421 in
1611 2394 1681 2421 ore
1713 2380 1775 2420 sex
1806 2392 1900 2419 cum
1939 2375 2130 2416 dimidio.

1631 2463 1825 2506 TAss.
1913 2456 2184 2501 CXIII.

1499 2553 1684 2593 Lucerna
1712 2547 1866 2597 fictilis,
1894 2548 1932 2584 in
1963 2556 2040 2596 qua
2071 2540 2178 2591 Iovis
2213 2533 2395 2578 tonantis

1446 2625 1574 2678 figura
1612 2621 1803 2662 umbilico
1847 2629 1961 2658 tenus
2003 2614 2246 2666 inspicitur,
2298 2618 2398 2648 ante

1445 2710 1564 2751 quem
1593 2693 1726 2748 aquila
1757 2689 1938 2744 expansis
1967 2688 2062 2736 alis,
2088 2685 2196 2724 uncis
2231 2679 2399 2736 pedibus

1448 2767 1603 2807 fulmen
1634 2764 1803 2806 retinet.
1855 2760 1916 2799 Ad
1943 2759 2049 2810 Jovis
2087 2754 2287 2794 sinistram
2321 2747 2400 2789 ful-

1450 2850 1540 2877 men
1569 2837 1745 2876 alterum
1779 2829 1909 2870 exstat
1928 2859 1938 2877 ,
1964 2827 2008 2868 ὅ(
2035 2825 2086 2865 ad
2107 2825 2301 2864 dextram
2334 2817 2401 2858 fo-

1445 2921 1589 2949 ramen
1614 2901 1840 2956 recipiendo
1873 2897 2009 2938 fomiti
2048 2907 2264 2949 paratum3
2297 2890 2335 2929 in
2360 2899 2403 2927 a·

1445 2982 1530 3032 pice
1561 2973 1667 3015 aliud
1699 2970 1958 3022 flammigero
1986 2964 2190 3014 ellychnio
2232 2958 2403 3000 destina-

1446 3059 1558 3087 tum.
1590 3042 1718 3094 Supra
1747 3050 1868 3091 caput
1891 3036 1997 3087 Jovis
2023 3030 2285 3073 manubrium
2316 3038 2409 3080 pro-

1449 3116 1578 3155 minet
1608 3107 1817 3150 circularis
1847 3106 2024 3160 figurae.
2055 3105 2100 3145 In
2129 3100 2280 3158 postica
2313 3108 2406 3151 par-

2311 3177 2354 3205 te
