2462 3934
470 369 539 437 58

566 491 604 528 T
636 487 675 524 A
705 489 747 526 V.
820 485 1157 525 CLXXVIII.

447 579 574 625 Altra
611 572 805 627 cristiana
833 570 878 609 di
912 580 1024 610 creta
1053 570 1113 609 col
1141 568 1342 609 manubrio

383 653 596 701 irmalzato
627 659 647 686 e
674 643 867 698 falcato,
896 639 1220 692 rafsomigliante
1249 639 1342 680 alla

385 729 482 771 luna
514 718 737 774 crescente.
793 714 877 753 Nel
903 722 1034 753 centro
1060 710 1105 749 di
1132 711 1260 762 questa
1291 709 1344 750 lu-

382 806 501 835 cerna
536 787 664 841 vedefi
684 785 719 825 il
736 785 852 839 solito
885 783 1001 832 buco,
1038 786 1080 821 in
1107 786 1173 822 cui
1213 780 1342 835 versa.

384 860 471 912 vafi
502 859 536 897 il
565 858 739 906 liquore.
797 852 932 892 Dalla
977 861 1093 904 parte
1122 851 1264 904 opposta
1299 850 1346 891 al

385 928 588 973 manubrio
625 925 751 977 escono
782 927 892 977 quast
917 923 992 965 due
1034 926 1193 977 lingue,
1235 923 1344 965 nella

383 1010 508 1051 panta
534 996 639 1040 delle
662 997 778 1047 quali
800 1002 843 1037 vi
856 999 945 1051 fimo
966 997 1040 1038 due
1059 998 1248 1051 fori,che
1265 997 1347 1052 ser-

383 1080 450 1117 vir
475 1074 673 1115 dovevano
698 1086 764 1126 per
778 1073 1013 1126 glifloppini
1030 1084 1072 1118 ,c
1092 1070 1156 1110 nel
1180 1070 1347 1124 rovescio

385 1147 496 1190 della
530 1146 734 1200 medefima
773 1147 838 1186 un’
865 1146 1015 1184 ancora
1058 1143 1163 1183 colla
1204 1159 1346 1197 croce,

384 1220 494 1275 quafi
518 1219 645 1272 fimile
670 1234 696 1258 a
723 1216 857 1269 quella
883 1212 971 1255 dell
979 1213 1261 1257 'antecedente
1290 1216 1346 1257 lu-

386 1306 505 1334 cerna
528 1317 535 1325 -

581 1378 618 1414 T
643 1376 678 1412 A
709 1377 754 1413 V.
837 1373 871 1408 C
893 1371 927 1408 L
948 1373 989 1410 X
1005 1373 1048 1409 X
1065 1371 1090 1408 Ι
1106 1372 1156 1413 Χ.

443 1449 569 1490 Altra
591 1462 657 1489 con
679 1446 753 1486 due
774 1444 905 1496 palme
929 1444 995 1482 nel
1020 1456 1173 1493 mezzo,
1188 1441 1231 1482 la
1253 1456 1349 1494 qua·

387 1519 425 1560 Ie
453 1517 593 1571 purefi
611 1520 681 1569 ρτιὸ
697 1514 913 1569 giudicare
947 1511 1053 1565 degli
1073 1512 1237 1552 antichi
1258 1514 1348 1553 Cri.

381 1589 511 1642 stiam·
529 1619 540 1637 ‚
565 1599 633 1639 per
659 1585 780 1640 essere
808 1586 851 1625 la
875 1583 1014 1636 palma
1041 1582 1076 1622 il
1098 1595 1184 1623 vero
1211 1580 1349 1632 distin-

387 1665 471 1702 tivo
501 1660 546 1701 di
573 1659 721 1714 quelli,
747 1664 763 1699 i
784 1655 899 1709 quali
924 1657 1032 1693 vineo
1056 1653 1091 1693 il
1108 1664 1264 1692 comune
1289 1663 1350 1691 ne-

387 1737 515 1784 mico,
549 1746 728 1774 avevano
753 1735 945 1782 riportato
973 1727 1003 1768 l'
1021 1735 1150 1766 eterno
1183 1729 1351 1778 premio,

394 1819 496 1848 come
530 1805 713 1845 abbiamo
747 1800 856 1841 nella
884 1798 1164 1853 sopraccitata
1204 1794 1357 1835 differt.

396 1878 579 1921 10.de110
603 1876 714 1915 stesso
734 1873 901 1915 Bonada
927 1867 1190 1925 pag.471;ed
1206 1870 1242 1908 in
1257 1868 1354 1909 For-

395 1963 480 1992 tun.
504 1950 651 1990 Liceto
671 1947 750 1985 alla
777 1958 865 1999 pag.
891 1948 968 1992 926
985 1973 996 1992 ‚
1017 1943 1051 1982 il
1070 1942 1188 1993 quale
1217 1941 1258 1980 la
1286 1956 1358 1980 an-

396 2033 539 2060 novera
581 2027 650 2058 tra
689 2016 845 2068 quelle,
876 2014 947 2054 che
984 2012 1120 2053 dentro
1148 2017 1164 2050 i
1187 2012 1357 2065 sepulcri

396 2091 457 2133 dc'
482 2092 657 2131 Martiri
678 2087 710 2140 fi
741 2085 1044 2140 rinserravano.
1083 2080 1211 2121 Nella
1246 2078 1354 2119 dere-

402 2173 505 2205 tana
553 2171 669 2216 parte
714 2157 825 2199 della
863 2159 1036 2209 presente
1078 2154 1261 2192 Lucerna
1293 2148 1358 2202 sta

395 2236 561 2293 scritto.-
594 2231 817 2275 LFABRI
843 2229 880 2269 C
905 2227 1024 2269 MAS
1042 2261 1050 2269 .

592 2317 771 2359 TAV.
857 2312 1175 2351 CLXXX.

457 2406 587 2448 Altra
609 2404 774 2446 lucerna
794 2400 1001 2453 Cristiana
1028 2396 1073 2437 di
1084 2395 1223 2449 eforma
1246 2397 1361 2450 asma·

401 2478 554 2540 grande
582 2508 594 2528 ‚
632 2474 757 2529 fatta
789 2490 814 2513 a
854 2470 957 2513 modo
988 2468 1129 2510 d’una
1160 2467 1326 2510 colomba
1349 2501 1362 2521 ‚

404 2551 684 2592 maltrattata
724 2551 768 2587 in
796 2543 914 2599 guiso
949 2541 1026 2583 dal
1052 2550 1196 2592 tempo,
1225 2540 1293 2580 che
1325 2541 1361 2581 Ie

405 2635 553 2664 manca
587 2634 656 2660 non
702 2618 756 2661 olo
786 2617 829 2658 la
862 2615 959 2668 testa
976 2647 988 2666 ,
1014 2626 1077 2653 ma
1101 2612 1120 2653 ὲ
1145 2616 1261 2664 priva
1292 2627 1362 2654 an-

405 2707 497 2737 cora
519 2688 564 2732 di
585 2696 675 2743 quei
700 2687 776 2730 due
802 2687 965 2742 piccioli
997 2683 1098 2736 vast,
1114 2682 1184 2724 che
1212 2684 1273 2737 gli
1286 2684 1365 2737 sor·

407 2768 549 2805 tivano
578 2760 656 2804 dal
677 2765 872 2815 principio
891 2756 996 2797 dell·
1015 2755 1101 2805 ali,
1121 2767 1140 2794 e
1162 2753 1204 2794 la
1232 2753 1367 2795 rende·

407 2849 512 2877 vano
541 2844 693 2886 capace
714 2832 759 2872 di
783 2830 858 2870 due
880 2828 1085 2881 lucignoli.
1115 2826 1260 2880 Qefta
1279 2827 1369 2881 fles-

405 2907 456 2964 sa
488 2906 652 2947 lucerna
677 2901 714 2955 fi
741 2897 837 2940 vede
868 2899 940 2940 ben
969 2898 1201 2951 conservata
1232 2896 1283 2936 ed
1310 2899 1369 2936 in-

411 2988 503 3023 tera
529 2980 574 3019 in
594 2973 708 3017 Fort.
724 2972 855 3015 Licet.
877 2972 960 3014 alla
986 2985 1076 3028 pag.
1102 2970 1180 3022 871
1195 2999 1205 3010 .

1023 3170 1040 3202 t
1183 3150 1318 3193 TAB.

862 363 1348 417 EXPLICATIO
1406 361 1946 425 TABULARUM.

1575 478 1615 519 T
1645 478 1682 518 A
1715 477 1761 519 B.
1837 475 2203 522 CLXXVIII.

1472 560 1626 602 Fictilis
1653 559 1886 602 Christiana
1918 575 2012 602 cum
2043 565 2260 608 manubrio
2288 568 2370 610 ela-

1420 646 1489 686 to,
1508 634 1552 675 &
1575 632 1729 675 falcato
1752 635 1802 675 ad
1824 635 1945 676 instar
1974 650 2169 679 cornutae
2193 640 2367 686 lunulae.
2444 647 2445 650 ’

1419 712 1465 752 ln
1506 707 1641 748 medio
1678 706 1865 746 lucernae
1906 707 2050 749 visitur
2090 708 2276 753 foramen
2315 713 2372 755 in.

1417 779 1559 834 gressui
1589 777 1762 833 ⁴liquoris
1788 790 1999 831 apertum.
2041 781 2078 821 A
2103 795 2221 837 parte
2250 798 2375 838 oppo-

1418 850 1492 892 fita
1531 849 1748 891 manubrio
1780 849 1883 889 duae
1913 852 2112 904 prodeunt
2150 855 2278 895 veluti
2306 855 2376 897 lin·

1418 935 1521 979 guae
1550 923 1589 962 in
1621 921 1735 974 apice
1772 920 2033 975 perforatae,
2062 938 2166 980 quae
2208 922 2377 966 forami·

1419 1007 1469 1034 na
1504 993 1715 1045 ellychniis
1745 1007 1866 1037 erant
1899 996 2117 1049 assignata.
2178 998 2223 1038 ln
2259 1008 2378 1051 parte

1420 1061 1572 1117 postica
1605 1062 1782 1104 anchora
1820 1063 2068 1119 conspicitur
2103 1080 2198 1108 cum
2232 1078 2379 1118 cruce,

1421 1143 1465 1172 ut
1500 1130 1632 1173 ferme
1672 1132 1850 1176 habetur
1887 1136 1926 1176 in
1962 1138 2220 1179 antecedenti
2251 1137 2377 1178 lucer·

1420 1217 1494 1245 na.

1615 1289 1653 1331 T
1682 1291 1721 1334 A
1756 1292 1802 1334 B.
1875 1295 2172 1341 chx1x,

1475 1372 1650 1415 Fictilis.
1711 1376 1836 1416 Duae
1861 1377 2050 1420 Palmae.
2094 1383 2216 1425 Haec
2250 1385 2380 1426 lucer·
2448 1420 2449 1425 ,

1420 1455 1467 1482 na
1510 1443 1614 1483 inter
1653 1443 1910 1487 Christianas
1942 1447 2110 1490 fortasse
2141 1453 2384 1496 recensenda
2448 1455 2449 1458 ’

1420 1513 1599 1557 videtur.
1634 1515 1779 1556 Palma
1802 1520 1913 1557 enim
1928 1518 2261 1563 Christianorum
2290 1538 2380 1577 pro·
2448 1527 2449 1537 ¹

1422 1588 1558 1639 prium
1591 1589 1825 1640 symbolum
1860 1608 1975 1645 erat,
2001 1607 2044 1635 ut
2080 1594 2128 1633 de
2162 1591 2275 1631 hoste
2307 1591 2381 1632 hu·
2448 1621 2450 1630 ,

1422 1660 1531 1699 mani
1554 1663 1708 1713 generis
1730 1663 1930 1705 indicaret
1956 1662 2177 1706 victoriam
2208 1672 2384 1711 certam,
2448 1708 2449 1712 Ἰ

1422 1729 1464 1771 &
1493 1739 1724 1786 proemium
1756 1737 1940 1791 gloriae,
1974 1733 2147 1778 Bonada
2174 1731 2386 1773 observan-

1423 1810 1463 1840 te
1485 1799 1579 1856 diss.
1606 1816 1662 1843 10.
1683 1815 1773 1857 pag.
1798 1819 1891 1857 471.
1922 1805 1993 1846 vol.
2020 1817 2083 1852 2.;
2119 1801 2161 1843 ὅ(
2187 1802 2293 1841 Fort.
2316 1803 2386 1841 Li-

1428 1883 1502 1916 cet.
1537 1888 1622 1928 pag.
1654 1880 1744 1926 926.
1776 1874 1881 1916 hanc
1914 1875 2121 1917 lucernam
2159 1873 2264 1912 inter
2294 1883 2384 1922 eas,
2448 1914 2450 1918 ,

1428 1959 1531 2002 quae
1558 1947 1596 1986 in
1623 1946 1863 1995 Martyrum
1886 1945 2074 1999 sepulcris
2103 1942 2385 1985 condebantur

1430 2018 1610 2073 reponit.
1669 2020 1714 2060 In
1748 2019 1959 2072 posteriori
1986 2029 2103 2073 parte
2125 2016 2313 2056 lucernae
2333 2011 2387 2052 le-

1429 2093 1564 2144 gitur:
1598 2088 1818 2133 LFABRI
1841 2091 1878 2132 C
1902 2087 2021 2132 MAS
2041 2120 2051 2130 .

1664 2315 1853 2359 TAB.
1925 2312 2186 2358 CLXXX.
2448 2257 2450 2355 l

2448 2382 2451 2428 l

1499 2399 1655 2442 Fictilis
1685 2400 2018 2443 Christianorum
2045 2402 2226 2442 Lucerna
2259 2393 2391 2435 maxi·

1436 2484 1528 2512 mae
1569 2470 1731 2512 formae
1772 2472 2012 2514 columbam
2053 2467 2357 2522 repraesentans
2382 2495 2392 2505 .

1436 2540 1615 2594 Propter
1647 2539 1892 2582 vetustatem
1918 2542 1955 2581 in
1983 2539 2058 2580 hac
2089 2540 2250 2580 lucerna
2283 2534 2391 2576 deest

1433 2624 1510 2650 non
1543 2610 1675 2651 solum
1705 2621 2011 2663 caput,verum
2040 2609 2170 2648 etiam
2201 2604 2393 2656 ea‚ve1u-

1437 2687 1469 2724 ti
1493 2684 1656 2725 vascula
1674 2715 1685 2735 ‚
1705 2696 1806 2738 quae
1836 2683 1950 2723 illam
1977 2682 2226 2733 billychnem
2254 2678 2394 2719 redde-

1439 2757 1560 2809 bant;
1590 2758 1689 2799 haec
1718 2756 1766 2798 ad
1796 2758 1970 2809 pectoris
2000 2757 2131 2796 latera
2160 2758 2199 2795 in
2229 2752 2394 2793 alarum

1439 2831 1617 2871 exordiis
1650 2826 2019 2881 conspiciebantur.
2055 2828 2218 2880 Integra
2251 2822 2397 2865 visitur

1442 2903 1548 2959 apud
1579 2904 1685 2943 Fort.
1711 2901 1840 2941 Licet.
1869 2910 1959 2952 pag.
1990 2900 2092 2948 871.

2208 3134 2289 3179 TA
2298 3134 2344 3177 B.
