2462 3934
439 339 504 374 12
844 321 1323 378 EXPLICATIO
1381 323 1930 392 TABULARUM.

355 439 524 496 appr-effu
556 441 591 482 il
605 442 744 483 Poleni
769 454 872 485 tom.
891 447 1003 497 4.del
1032 446 1220 501 supplim.
1241 447 1311 488 all·
1382 448 1551 503 ideoque
1589 451 1629 491 in
1658 463 1708 491 eo
1744 453 1930 496 exhiberi
1960 454 2127 501 Ofiridis
2166 459 2347 504 statuam

355 512 509 553 antich.
542 512 615 552 col.
642 523 729 561 597.
753 516 794 551 ci
818 512 972 565 efibisce
1003 513 1036 553 lo
1057 511 1163 566 steffo
1188 518 1310 554 Genio
1384 519 1490 560 idem
1516 522 1689 576 Sponius
1717 524 1950 569 existimat.

356 586 400 623 in
425 587 549 625 nient'
572 586 677 625 altro
706 584 885 635 diffimile
917 584 994 626 dal
1019 586 1131 638 nostro
1161 587 1206 641 se
1240 600 1310 627 non

356 654 400 689 in
430 661 576 702 quanto
597 683 610 702 ‚
637 652 707 692 che
738 651 847 692 dall'
870 668 940 694 uno
985 667 1005 694 e
1036 654 1188 697 l‘altro
1231 654 1315 694 lato

354 720 467 765 della
491 729 626 766 Mitra
655 724 701 765 di
724 726 848 777 quello
875 724 951 767 due
982 727 1052 768 ben
1078 728 1212 781 lunghi
1238 741 1314 768 cor-

353 796 398 832 m‘
425 794 557 834 bovini
592 796 875 849 appariscono,
908 798 942 838 lo
983 798 1055 840 che
1100 800 1154 841 ha
1197 799 1312 855 fatto

350 864 508 907 credere
537 867 619 909 allo
640 865 748 920 steffi»
776 867 914 920 Spom‘o
951 869 1045 924 effer
1087 866 1155 923 effi)
1186 869 1306 909 Γίω-

351 937 508 985 magine
538 932 584 973 di
601 933 774 989 ostride.

632 1021 670 1058 T
720 1019 759 1054 A
815 1020 860 1060 V.
946 1023 971 1061 1
996 1021 1030 1061 Ι.

432 1098 509 1140 Un'
528 1099 632 1140 altro
661 1101 766 1142 Idolo
802 1107 845 1144 in
888 1105 1024 1154 bronzo
1053 1104 1246 1156 barbato,
1281 1118 1302 1146 e

347 1166 508 1216 velato,
542 1172 601 1207 coi
626 1170 737 1220 piedi
774 1173 922 1222 affieme
959 1179 1188 1228 congiunti,
1224 1173 1299 1216 da-

1658 1031 1907 1077 ΤΑΒ.
1993 1034 2076 1077 ΙΙ.

1429 1114 1594 1157 Idolum
1624 1128 1793 1158 aereum
1819 1118 2040 1159 barbatum
2061 1129 2111 1159 ac
2145 1115 2350 1170 velatum,

1372 1183 1615 1239 pedibusque
1653 1185 1904 1237 conjunctis,
1942 1184 2140 1241 aegyptiis
2194 1184 2346 1225 litteris

348 1240 496 1286 vanti,
536 1250 556 1276 ι’
592 1237 638 1277 di
669 1239 796 1283 dietro
838 1244 886 1284 al
918 1245 1037 1297 quale
1068 1244 1298 1298 fiscoprono
1372 1264 1460 1292 tam
1490 1256 1527 1293 in
1552 1258 1713 1306 antica,
1732 1269 1858 1311 quam
1888 1258 1930 1299 in
1956 1256 2109 1312 postica
2137 1265 2256 1311 parte
2282 1253 2340 1295 in-

347 1320 416 1346 non
440 1304 556 1357 poche
595 1307 736 1349 lettere
768 1315 922 1363 egizie.

602 1402 832 1442 TAV.
917 1408 1055 1446 ΙΙΙ.

436 1480 549 1521 Altro
590 1470 696 1522 Idolo
731 1487 774 1523 in
804 1487 938 1534 pietra
980 1497 1076 1525 nera
1106 1487 1268 1540 scolpito
1287 1523 1300 1542 ,

345 1551 456 1592 nella
480 1549 525 1591 di
548 1555 615 1592 cui
641 1550 818 1603 posterior
850 1562 967 1603 parte
987 1553 1204 1608 solamente
1234 1572 1304 1600 va-

353 1623 409 1662 rii
436 1624 641 1661 cau-atteri
669 1623 775 1673 egizy'
799 1619 837 1673 fi
865 1619 1077 1673 offervano.

616 1703 654 1739 T
713 1706 754 1743 A
811 1704 858 1745 V.
943 1706 970 1744 Ι
992 1705 1039 1745 V.

428 1787 592 1837 Piaftra
620 1785 666 1825 di
702 1786 859 1837 bronze,
888 1789 931 1825 in
969 1789 1035 1825 cui
1075 1787 1243 1839 impr-effi>
1265 1786 1302 1839 fi

347 1854 439 1897 vede
467 1857 528 1898 un'
542 1855 649 1897 Idolo
672 1860 799 1909 egizio
826 1870 893 1896 con
923 1859 1035 1895 varii
1061 1855 1301 1908 geroglifice'.

642 1942 680 1981 T
740 1945 781 1981 A
837 1940 883 1978 V.
966 1939 1013 1977 V.

419 2030 494 2069 Tre
520 2026 623 2069 altri
645 2023 749 2065 Idoli
774 2021 818 2062 di
847 2021 1004 2068 ἐνοηζο,
1028 2015 1094 2058 dei
1124 2019 1238 2069 quali
1260 2018 1304 2071 se

353 2098 578 2151 efferviamo
618 2096 658 2135 la
685 2094 816 2146 forma
840 2121 851 2140 ,
896 2084 1050 2140 quando
1093 2101 1160 2125 non
1192 2086 1301 2137 fiano

353 2169 395 2210 d'
413 2169 573 2223 Egitto‚
593 2165 639 2206 al
655 2173 751 2206 certo
771 2160 816 2203 ηὲ
837 2161 958 2201 Greci
982 2154 1069 2210 sono
1097 2153 1142 2194 nb
1162 2157 1302 2194 Roma-

354 2243 398 2280 m·
420 2272 427 2279 .

630 2318 670 2356 T
719 2317 759 2356 A
813 2315 858 2353 V.
939 2311 976 2349 V
1001 2310 1033 2349 I.

412 2435 448 2461 1.
475 2415 610 2469 Qeflo
627 2412 734 2454 Idolo
764 2425 877 2465 pure,
905 2410 976 2452 che
995 2405 1169 2459 fermato
1190 2403 1305 2457 sopra

354 2490 386 2533 d
401 2492 462 2530 'un
489 2486 649 2540 picciolo
675 2482 901 2536 piedestallo
916 2481 951 2531 fi
977 2475 1072 2518 vedc
1095 2473 1202 2515 nella
1224 2486 1306 2525 pre.

347 2549 460 2602 sente
498 2555 650 2598 Tavola
687 2564 797 2596 tanto
825 2566 887 2607 per
918 2553 960 2592 la
984 2548 1140 2602 forma,
1166 2551 1307 2597 quanto

352 2646 421 2691 per
453 2629 495 2670 la
540 2642 739 2678 rozzezza
778 2625 846 2666 del
875 2624 941 2678 suo
975 2621 1105 2660 lavoro
1127 2649 1138 2667 ‚
1165 2617 1201 2670 fi
1240 2618 1311 2669 pub

352 2697 465 2754 quast
483 2695 694 2748 affer-mare
718 2693 832 2747 effere
851 2691 962 2733 della
986 2685 1100 2742 fleffa
1116 2689 1226 2740 sorta
1250 2684 1315 2726 de-

350 2769 413 2824 gli
441 2765 647 2808 antedetti
663 2797 672 2804 .

412 2866 449 2893 2.
486 2851 685 2903 Telesforo
715 2861 917 2902 compagno
945 2840 1230 2898 d’Esculapio,
1248 2850 1311 2879 ve-

357 2930 493 2960 nerato
512 2921 585 2973 gia}
617 2919 734 2972 dagli
764 2917 949 2966 antichi,
965 2929 983 2955 e
1006 2908 1311 2966 principalmen-

356 2997 398 3028 te
427 2987 500 3028 dai
520 2993 889 3043 Pergameni‚come
913 2987 988 3024 Dio
1014 2979 1205 3033 difensore
1231 2975 1313 3017 del·

359 3057 404 3097 Ia
427 3058 589 3112 salute.
622 3061 698 3108 Effi
729 3062 762 3100 lo
791 3058 1052 3111 dipingevano
1078 3064 1145 3091 con
1173 3063 1223 3088 un
1248 3060 1311 3087 ve-

353 3128 533 3180 stimento
549 3159 563 3182 ,
588 3129 659 3170 che
685 3143 713 3169 a
751 3130 903 3181 riser-va
932 3124 1042 3166 della
1065 3121 1238 3176 faccia,
1255 3126 1314 3160 in-

1141 3195 1265 3232 tiera-

1371 1316 1596 1378 scriptum.

1632 1403 1673 1447 T
1731 1407 1772 1449 A
1831 1407 1880 1450 B.
1964 1407 2146 1451 ΙΙΙ..

1437 1482 1562 1526 Aliud
1595 1487 1757 1531 Idolum
1786 1505 1837 1532 ex
1870 1493 1984 1547 nigro
2013 1490 2174 1546 lapide,
2208 1490 2247 1529 in
2279 1503 2348 1531 cu-

1375 1553 1438 1602 ius
1458 1556 1597 1596 aversa
1621 1562 1915 1601 tantummodo
1937 1571 2055 1614 parte
2081 1554 2342 1599 charaeta&

1377 1625 1559 1678 aegyptii
1589 1627 1893 1682 conspiciuntur
1910 1664 1918 1672 .

1639 1715 1679 1758 T
1741 1717 1778 1757 A
1841 1716 1888 1757 B.
1976 1717 1998 1757 I
2026 1715 2078 1758 V.

1428 1780 1603 1824 Lamina
1642 1797 1761 1827 aerea
1797 1788 1835 1828 in
1863 1800 1942 1842 qua
1978 1786 2172 1837 Idolum,
2201 1798 2250 1829 ac
2276 1798 2347 1830 va·

1374 1851 1434 1893 ria
1462 1852 1773 1911 hieroglyphica
1800 1859 1994 1913 aegyptia
2029 1866 2253 1913 apparent·

1671 1940 1709 1982 T
1770 1943 1809 1983 A
1871 1941 1919 1983 Β.
2005 1941 2055 1982 V.

1445 2008 1544 2051 Tria
1573 2011 1653 2053 alia
1685 2012 1797 2053 Idola
1830 2026 1976 2063 aerea,
2013 2023 2116 2067 quae
2145 2009 2173 2051 fi
2206 2009 2341 2064 Aegy·

1374 2080 1461 2132 ptia
1493 2095 1572 2123 non
1601 2082 1847 2134 sunt,certe
1876 2094 1950 2123 nec
1968 2080 2131 2122 Graeca
2160 2090 2234 2121 nec
2252 2076 2342 2125 Ro..

1373 2160 1496 2189 mana
1513 2180 1522 2188 .

1617 2292 1657 2333 T
1712 2293 1752 2334 A
1811 2293 1859 2335 B.
1945 2295 2047 2336 VI:

1438 2404 1471 2431 1.
1527 2391 1691 2433 Idolum
1721 2393 1898 2443 nudum,
1922 2391 1966 2432 &
1999 2390 2258 2440 tutulatum,
2275 2388 2346 2428 ba-

1376 2458 1403 2498 fi
1434 2460 1673 2513 impositum
1694 2493 1704 2511 ,
1730 2461 1904 2510 ejusdem
1956 2459 2108 2514 generis
2134 2490 2146 2510 ,
2186 2470 2235 2498 ac
2264 2457 2346 2496 tria

1377 2532 1590 2572 anterioris
1620 2532 1806 2575 Tabulae
1836 2531 1963 2575 videri
1991 2528 2122 2586 potest
2140 2560 2149 2569 .

1442 2838 1476 2866 2.
1536 2823 1807 2881 Telesphorus
1838 2821 2070 2876 Aesculapii
2110 2830 2250 2861 comes
2275 2846 2284 2856 .
2312 2816 2349 2857 1-

1384 2897 1450 2951 pse
1479 2913 1554 2954 pro
1581 2900 1674 2940 Deo
1702 2898 1943 2939 valetudinis
1979 2895 2200 2949 antiquitus
2236 2889 2343 2932 cole-

1383 2968 1529 3020 batur,
1557 2969 1770 3025 praecipue
1799 2981 1822 3008 a
1863 2966 2123 3021 Pergamenis
2151 2995 2163 3015 ‚
2193 2962 2259 3015 qui
2301 2958 2349 2999 il-

1385 3039 1472 3082 lum
1518 3042 1734 3097 pingebant
1766 3055 1787 3081 a
1819 3040 2060 3082 summitate
2110 3039 2256 3093 capitis
2296 3032 2348 3073 ad

1388 3114 1658 3157 medietatem
1708 3127 1878 3155 crurum
1926 3112 2032 3155 veste
2076 3104 2347 3152 circumvolu-

2181 3187 2296 3219 tum.
